@InProceedings{FrRo2010Diffusion,
  author = {{Frederix}, Yves and {Roose}, Dirk},
  title = "A drift-filtered approach to diffusion estimation for
    multiscale processes",
  booktitle = {Coping with complexity: model reduction and data analysis},
  year =  {2010},
  volume = {75},
  series = {Lecture Notes in Computational Science and Engineering},
  publisher = {Springer-Verlag},
}
