@article{Ghasemi2023APerovskites,
    title = {{A multiscale ion diffusion framework sheds light on the diffusion–stability–hysteresis nexus in metal halide perovskites}},
    year = {2023},
    journal = {Nature Materials 2023 22:3},
    author = {Ghasemi, Masoud and Guo, Boyu and Darabi, Kasra and Wang, Tonghui and Wang, Kai and Huang, Chiung Wei and Lefler, Benjamin M. and Taussig, Laine and Chauhan, Mihirsinh and Baucom, Garrett and Kim, Taesoo and Gomez, Enrique D. and Atkin, Joanna M. and Priya, Shashank and Amassian, Aram},
    number = {3},
    month = {2},
    pages = {329--337},
    volume = {22},
    publisher = {Nature Publishing Group},
    url = {https://www.nature.com/articles/s41563-023-01488-2},
    doi = {10.1038/s41563-023-01488-2},
    issn = {1476-4660},
    pmid = {36849816},
    keywords = {Characterization and analytical techniques, Solar cells, Surfaces, interfaces and thin films}
}